@techreport{Sutter08,
    author    = {Herb Sutter},
    title     = {Writing Lock-Free Code: A Corrected Queue},
    institution = {Dr. Dobbs},
    note = {Available online as \url{http://www.ddj.com/hpc-high-performance-computing/210604448}},
    year      = {2008}
}

@article{Sundell08,
author = {Håkan Sundell and Philippas Tsigas},
title = {Lock-free deques and doubly linked lists},
journal = {Journal of Parallel and Distributed Computing},
volume = {68},
number = {7},
pages = {1008 - 1020},
year = {2008}
}

@book{Silberschatz08,
 author = {Silberschatz, Abraham and Galvin, Peter Baer and Gagne, Greg},
 title = {Operating System Concepts},
 year = {2008},
 edition = {8th},
 publisher = {Wiley Publishing},
 address = {New York, New York}
} 

@article{Michael98,
author = {M. M. Michael and M. L. Scott},
title = {Nonblocking algorithms and preemption-safe locking on multiprogrammed shared memory multiprocessors},
journal = {Journal of Parallel and Distributed Computing},
volume = {51},
number = {0},
pages = {1 - 26},
year = {1998}
}

@article{Herlihy91,
  author    = {Maurice Herlihy},
  title     = {Wait-Free Synchronization},
  journal   = {ACM Transactions on Programming Languages and Systems},
  volume    = {13},
  number    = {1},
  year      = {1991},
  pages     = {124-149}
}

@article{Lindsay08,
author = {Lindsay Groves},
title = {Trace-based Derivation of a Lock-Free Queue Algorithm},
journal = {Electronic Notes in Theoretical Computer Science},
volume = {201},
number = {0},
pages = {69 - 98},
year = {2008},
note = {Proceedings of the BCS-FACS Refinement Workshop}
}

@article{Gao07,
author = {H. Gao and W.H. Hesselink},
title = {A general lock-free algorithm using compare-and-swap},
journal = {Information and Computation},
volume = {205},
number = {2},
pages = {225 - 241},
year = {2007}
}